<record><leader>00000cas a22000007a 4500</leader><controlfield tag="001">11287121</controlfield><controlfield tag="008">841019d18741879iauwr ne      0    0eng d</controlfield><datafield ind1=" " ind2=" " tag="010"><subfield code="a">sn 84038377 </subfield></datafield><datafield ind1=" " ind2=" " tag="040"><subfield code="a">NPX</subfield><subfield code="b">eng</subfield><subfield code="c">NPX</subfield><subfield code="d">INP</subfield><subfield code="d">OCLCQ</subfield></datafield><datafield ind1=" " ind2=" " tag="042"><subfield code="a">msc</subfield></datafield><datafield ind1="0" ind2="0" tag="245"><subfield code="a">New Albin spectator.</subfield></datafield><datafield ind1=" " ind2=" " tag="260"><subfield code="a">New Albin, Iowa :</subfield><subfield code="b">Bundy &amp; Kilbourne,</subfield><subfield code="c">1874-1879.</subfield></datafield><datafield ind1=" " ind2=" " tag="300"><subfield code="a">5 v. :</subfield><subfield code="b">ill.</subfield></datafield><datafield ind1=" " ind2=" " tag="310"><subfield code="a">Weekly</subfield></datafield><datafield ind1="0" ind2=" " tag="362"><subfield code="a">[Vol. 1, no. 1] (Aug. 7, 1874)-v. 5, no. 35 (May 15, 1879).</subfield></datafield><datafield ind1=" " ind2=" " tag="500"><subfield code="a">Publisher varies.</subfield></datafield><datafield ind1=" " ind2=" " tag="500"><subfield code="a">Editor: E.S. Kilbourne, &lt;1876&gt;.</subfield></datafield><datafield ind1=" " ind2=" " tag="515"><subfield code="a">Vol. 1, no. 1 (Aug. 7, 1874) misnumbered v. 2, no. 2.</subfield></datafield><datafield ind1=" " ind2=" " tag="515"><subfield code="a">Issues not published Dec. 26, 1878, or May 8, 1879.</subfield></datafield><datafield ind1=" " ind2=" " tag="752"><subfield code="a">United States</subfield><subfield code="b">Iowa</subfield><subfield code="c">Allamakee</subfield><subfield code="d">New Albin.</subfield></datafield><datafield ind1="1" ind2=" " tag="029"><subfield code="a">AU@</subfield><subfield code="b">000025821098</subfield></datafield></record>